@article{bergstra2012,
  title={Random Search for Hyper-Parameter Optimization},
  author={James Bergstra and Joshua Bengio},
  journal={J. Machine Learning Research},
  volume=13,
  year=2012,
  pages={281--305},
}

@book{elemstatlearn,
  title={The Elements of Statistical Learning},
  author={Trevor Hastie and Robert Tibshirani and Jerome Friedman},
  publisher={Springer},
  year={2009},
}

@article{fan2008,
  title={{LIBLINEAR}: A library for large linear classification},
  author={Rong-En Fan and Kai-Wei Chang and Cho-Jui Hsieh
          and Xiang-Rui Wang and Chih-Jen Lin},
  journal={JMLR},
  volume=9,
  year=2008,
  pages={1871--1874},
}

@article{hall2009weka,
  title={The {WEKA} data mining software: an update},
  author={Hall, Mark and Frank, Eibe and Holmes, Geoffrey and
          Pfahringer, Bernhard and Reutemann, Peter and Witten, Ian H.},
  journal={ACM SIGKDD Explorations Newsletter},
  volume={11},
  number={1},
  pages={10--18},
  year={2009},
}

@inproceedings{li2010random,
  title={Random {F}ourier approximations for skewed multiplicative histogram kernels},
  author={Li, Fuxin and Ionescu, Catalin and Sminchisescu, Cristian},
  booktitle={Proc. 32nd DAGM Conf. on Pattern Recognition},
  pages={262--271},
  year={2010},
  publisher={Springer}
}

@article{pedregosa2011,
  title={Scikit-learn: Machine Learning in {P}ython},
  author={Pedregosa, F. and Varoquaux, G. and Gramfort, A. and Michel, V.
          and Thirion, B. and Grisel, O. and Blondel, M. and Prettenhofer, P.
          and Weiss, R. and Dubourg, V. and Vanderplas, J. and Passos, A.
          and Cournapeau, D. and Brucher, M. and Perrot, M. and Duchesnay, E.},
  journal={Journal of Machine Learning Research},
  volume={12},
  pages={2825--2830},
  year={2011},
}

@misc{pythontut,
  author={\noopsort{Rossum}{van Rossum}, Guido},
  publisher={Python Software Foundation},
  title={The {P}ython Tutorial},
  url={http://docs.python.org/2/tutorial/classes.html},
  year=2013
}

@inproceedings{rahimi2007random,
  title={Random features for large-scale kernel machines},
  author={Rahimi, Ali and Recht, Benjamin},
  booktitle={Advances in Neural Information Processing Systems},
  volume={20},
  pages={1177--1184},
  year={2007}
}

@article{vanderwalt2011,
  title={The {NumPy} array: a structure for efficient numerical computation},
  author={\noopsort{Walt}{van der Walt}, St\'efan and Colbert, S. Chris and Varoquaux, Ga\"el},
  journal={Computing in Science \& Engineering},
  volume={13},
  number={2},
  pages={22--30},
  year={2011},
  publisher={IEEE}
}

@inproceedings{vedaldi2010efficient,
  title={Efficient additive kernels via explicit feature maps},
  author={Vedaldi, Andrea and Zisserman, Andrew},
  booktitle={IEEE Conf. on Computer Vision and Pattern Recognition (CVPR)},
  pages={3539--3546},
  year={2010},
}

@inproceedings{weinberger2009,
  title={Feature Hashing for Large Scale Multitask Learning},
  author={Kilian Weinberger and Anirban Dasgupta and John Langford
          and Alex Smola and Josh Attenberg},
  booktitle={Proc. ICML},
  year={2009},
}
